Automatically generated by Mendeley 1.8.4
Any changes to this file will be lost if it is regenerated by Mendeley.

@article{chambolle,
author = {Chambolle, Antonin and Pock, Thomas},
file = {:C$\backslash$:/Studium/PhD/Lectures/Convex Optimization/pd\_alg\_final.pdf:pdf},
journal = {Journal of Mathematical Imaging and Vision},
number = {1},
title = {{A first-order primal-dual algorithm for convex problems with applications to imaging}},
volume = {40},
year = {2010}
}
@misc{cattin13,
author = {Cattin, Philippe},
title = {{Lecture Notes in "Introduction to Signal- and Image Processing"}},
year = {2013}
}
@article{proxalgs,
author = {Parikh, Neal and Boyd, Stephen},
file = {:C$\backslash$:/Studium/PhD/Lectures/Convex Optimization/prox\_algs.pdf:pdf},
number = {3},
pages = {123--231},
title = {{Proximal Algorithms}},
volume = {1},
year = {2013}
}
@article{diego66,
author = {Diego, San},
file = {:C$\backslash$:/Studium/PhD/Lectures/Convex Optimization/project/denoising/project/Wolfequelle.pdf:pdf},
journal = {Pacific Journal of Mathematics},
number = {1},
pages = {2--5},
title = {{Minimization of Functions Having Lipschitz Continous First Partial Derivatives}},
volume = {16},
year = {1966}
}
@article{Chen2010,
author = {Chen, Qiang and Montesinos, Philippe and Sun, Quan Sen and Heng, Peng Ann and Xia, De Shen},
doi = {10.1016/j.imavis.2009.04.012},
file = {:C$\backslash$:/Studium/PhD/Lectures/Convex Optimization/project/denoising/project/AdaptiveTV.pdf:pdf},
issn = {02628856},
journal = {Image and Vision Computing},
month = mar,
number = {3},
pages = {298--306},
publisher = {Elsevier B.V.},
title = {{Adaptive total variation denoising based on difference curvature}},
url = {http://linkinghub.elsevier.com/retrieve/pii/S0262885609000791},
volume = {28},
year = {2010}
}
